%% LaTeX2e file `text/master.bib'
%% generated by the `filecontents' environment
%% from source `text/master' on 2017/12/07.
%%
    \input{refs.bib}
