@BOOK{GriffQuan,
   title =     {Introduction to quantum mechanics},
   author =    {Griffiths D.J.},
   publisher = {Pearson PH},
   isbn =      {0131911759},
   year =      {2005},
   edition =   {2nd Edition},
}

@BOOK{calcVar,
   title =     {Introduction to the calculus of variations},
   author =    {Bernard Dacorogna},
   publisher = {Imperial College Press; Distributed by World Scientific},
   isbn =      {9781860945083},
   year =      {2004},
}

@BOOK{calcVarSpring,
   title =     {The calculus of variations},
   author =    {Bruce van Brunt},
   publisher = {Springer},
   isbn =      {9780387402475},
   year =      {2004},
   series =    {Universitext},
   edition =   {1},
}

@MISC{basicMB,
    title =         {Computational Physics: Hartree-Fock methods and introduction to Many-Body Theory},
    author =        {Morten Hjort-Jensen},
    year =          {2017},
    howpublished =  {\url{https://www.github.com/CompPhysics/ComputationalPhysics2/blob/gh-pages/doc/pub/basicMB/pdf}},
}

@MISC{vmc,
    title =         {Computational Physics: Variational Monte Carlo methods},
    author =        {Morten Hjort-Jensen},
    year =          {2017},
    howpublished =  {\url{https://www.github.com/CompPhysics/ComputationalPhysics2/blob/gh-pages/doc/pub/vmc/pdf}},
}

@BOOK{compphysThijssen,
   title =     {Computational Physics},
   author =    {J. M. Thijssen},
   publisher = {Cambridge University Press},
   isbn =      {9781107677135},
   year =      {2013},
   edition =   {2nd Edition},
}

@BOOK{NeOr,
   title =     {Quantum many-particle systems},
   author =    {John W. Negele, Henri Orland},
   publisher = {Perseus BOOKs},
   isbn =      {9780738200521},
   year =      {1998},
   series =    {Advanced BOOK Classics},
   edition =   {},
   volume =    {},
}

@BOOK{FeWa,
   title =     {Quantum theory of many-particle systems},
   author =    {Alexander L. Fetter, John Dirk Walecka},
   publisher = {Mcgraw-Hill College},
   isbn =      {9780070206533},
   year =      {1971},
   series =    {Pure \& Applied Physics},
   edition =   {First Edition},
   volume =    {},
}

@BOOK{DiVNe,
   title =     {Many-body theory exposed!: propagator description of quantum mechanics in many-body systems},
   author =    {Willem H. Dickhoff, Dimitri Van Neck},
   publisher = {World Scientific},
   isbn =      {981256294X},
   year =      {2005},
   series =    {},
   edition =   {},
   volume =    {},
}

@ARTICLE{shermorInv,
    author =        {Sherman, Jack and Morrison, Winifred J.},
    doi =           {10.1214/aoms/1177729893},
    journal =       {The Annals of Mathematical Statistics},
    publisher =     {The Institute of Mathematical Statistics},
    title =         {Adjustment of an Inverse Matrix Corresponding to a Change in One Element of a Given Matrix},
    howpublished =  {\url{https://doi.org/10.1214/aoms/1177729893}},
    volume =        {21},
    year =          {1950},
}

@BOOK{linalgDavid,
   title =     {Linear Algebra and Its Applications (4th Edition)},
   author =    {David C. Lay},
   publisher = {Addison Wesley / Pearson},
   isbn =      {9780321385178},
   year =      {2011},
   series =    {},
   edition =   {4th},
   volume =    {},
}

@BOOK{numstoch,
   title =     {Numerical Solution of Stochastic Differential Equations with Jumps in Finance},
   author =    {Eckhard Platen, Nicola Bruti-Liberati (auth.)},
   publisher = {Springer-Verlag Berlin Heidelberg},
   isbn =      {9783642120572},
   year =      {2010},
   series =    {Stochastic Modelling and Applied Probability 64},
   edition =   {1},
}

@BOOK{statmech,
   title =     {Statistical mechanics: Entropy, Order parameters and complexity},
   author =    {James P. Sethna},
   publisher = {Oxford University Press, USA},
   isbn =      {9780198566779},
   year =      {2006},
   series =    {Oxford Master Series in Physics},
   edition =   {illustrated edition},
}

@ARTICLE{ASGD,
    title =         {Adaptive Stochastic Gradient Descent Optimisation for Image Registration},
    author =        {Stefan Klein, Josien P.W Pluim, Mariaus Staring and Max A. Viergever},
    publisher =     {Int J Comput. Vision},
    doi =           {10.1007/s11263-008-0168-y},
    howpublished =  {\url{https://link.springer.com/article/10.1007/s11263-008-0168-y}},
    year =          {2009},
}

@BOOK{numOptNocWrig,
    title =         {Numerical Optimization},
    author =        {Jorge Nocedal and Stephen J. Wright},
    year =          {2006},
    edition =       {Second Edition},
    publisher =     {Springer-Verlag New York},
    isbn =          {978-1-4939-3711-0},
    doi =           {10.1007/978-0-387-40065-5},
}

@ARTICLE{BFGSB,
    author =    {Broyden, C. G.},
    title =     {The Convergence of a Class of Double-rank Minimization Algorithms 1. General Considerations},
    journal =   {IMA Journal of Applied Mathematics},
    volume =    {6},
    number =    {1},
    pages =     {76-90},
    year =      {1970},
    doi =       {10.1093/imamat/6.1.76},
    URL =       {\url{http://dx.doi.org/10.1093/imamat/6.1.76}},
    eprint =    {/oup/backfile/content_public/journal/imamat/6/1/10.1093/imamat/6.1.76/2/6-1-76.pdf},
}

@ARTICLE{BFGSF,
    author =    {Fletcher, R.},
    title =     {A new approach to variable metric algorithms},
    journal =   {The Computer Journal},
    volume =    {13},
    number =    {3},
    pages =     {317-322},
    year =      {1970},
    doi =       {10.1093/comjnl/13.3.317},
    URL =       {\url{http://dx.doi.org/10.1093/comjnl/13.3.317}},
    eprint =    {/oup/backfile/content_public/journal/comjnl/13/3/10.1093/comjnl/13.3.317/2/130317.pdf},
}

@ARTICLE{BFGSG,
    author =    {Goldfarb, D.},
    title =     {A Family of Variable-Metric Methods Derived by Variational Means},
    journal =   {Math. Comp.},
    volume =    {24},
    year =      {1970},
    pages =     {23-26},
    doi =       {https://doi.org/10.1090/S0025-5718-1970-0258249-6},
    URL =       {\url{https://doi.org/10.1090/S0025-5718-1970-0258249-6}},
}

@ARTICLE {BFGSS,
    author =        {Shanno, D. F.},
    title =         {Conditioning of quasi-Newton methods for function minimization},
    journal =       {Math. Comp., Mathematics of Computation}, 
    volume =        {24},
    year =          {1970},
    pages =         {647--656},
    issn =          {0025-5718},
    number =        {0274029},
    doi =           {10.2307/2004840},
    url =           {\url{https://doi.org/10.2307/2004840}},
}

@ARTICLE{moreThuenteArticle,
    author =        {Mor{\'e}, Jorge J. and Thuente, David J.},
    title =         {Line Search Algorithms with Guaranteed Sufficient Decrease},
    journal =       {ACM Trans. Math. Softw.},
    date =          {Sept. 1994},
    volume =        {20},
    number =        {3},
    month =         {sep},
    year =          {1994},
    issn =          {0098-3500},
    pages =         {286--307},
    numpages =      {22},
    url =           {\url{http://doi.acm.org/10.1145/192115.192132}},
    doi =           {10.1145/192115.192132},
    acmid =         {192132},
    publisher =     {ACM},
    address =       {New York, NY, USA},
    keywords =      {conjugate gradient algorithms, line search algorithms, nonlinear optimization, truncated Newton algorithms, variable metric algorithms},
}

